
@misc{8_Euristinis_tikrinimas.pdf,
    author={Kristina Lapin},
    title={8_Euristinis_tikrinimas.pdf},
    howpublished={\url{emokymai.lt}},
    year={2018}, 
    langid={lithuanian},
}
@misc{9_Tikrinimų_organizavimas.pdf,
    author={Kristina Lapin},
    title={9_Tikrinimų_organizavimas.pdf},
    howpublished={\url{emokymai.lt}},
    year={2018}, 
    langid={lithuanian},
}